<record><leader>00000cas a22000007a 4500</leader><controlfield tag="001">18992123</controlfield><controlfield tag="008">890109d19191920paudn ne      0    0eng d</controlfield><datafield ind1=" " ind2=" " tag="010"><subfield code="a">sn 89077784 </subfield></datafield><datafield ind1=" " ind2=" " tag="040"><subfield code="a">NPH</subfield><subfield code="b">eng</subfield><subfield code="c">NPH</subfield><subfield code="d">OCLCQ</subfield></datafield><datafield ind1=" " ind2=" " tag="042"><subfield code="a">msc</subfield></datafield><datafield ind1="0" ind2="4" tag="245"><subfield code="a">The Allentown morning herald.</subfield></datafield><datafield ind1="1" ind2="3" tag="246"><subfield code="a">Morning herald</subfield></datafield><datafield ind1=" " ind2=" " tag="260"><subfield code="a">Allentown, Pa. :</subfield><subfield code="b">Allentown Herald Pub. Co.,</subfield><subfield code="c">1919-</subfield></datafield><datafield ind1=" " ind2=" " tag="300"><subfield code="a">v. :</subfield><subfield code="b">ill. ;</subfield><subfield code="c">61 cm.</subfield></datafield><datafield ind1=" " ind2=" " tag="310"><subfield code="a">Daily (except Sun.)</subfield></datafield><datafield ind1="0" ind2=" " tag="362"><subfield code="a">Vol. 1, no. 1 (Nov. 17, 1919)-</subfield></datafield><datafield ind1="1" ind2=" " tag="362"><subfield code="a">Ceased in 1920.</subfield></datafield><datafield ind1=" " ind2=" " tag="500"><subfield code="a">Publisher's statement Nov. 17, 1919 states: Allentown morning herald succeeded: Allentown Democrat.</subfield></datafield><datafield ind1=" " ind2=" " tag="752"><subfield code="a">United States</subfield><subfield code="b">Pennsylvania</subfield><subfield code="c">Lehigh</subfield><subfield code="d">Allentown.</subfield></datafield><datafield ind1="0" ind2="0" tag="780"><subfield code="t">Allentown daily herald</subfield><subfield code="w">(DLC)sn 89077785</subfield></datafield><datafield ind1="0" ind2="5" tag="780"><subfield code="t">Allentown Democrat (Allentown, Pa. : 1859)</subfield><subfield code="w">(OCoLC)19169808</subfield></datafield><datafield ind1="0" ind2="7" tag="785"><subfield code="t">Allentown morning call (Allentown, Pa. : 1898)</subfield><subfield code="w">(DLC)sn 88079621</subfield></datafield><datafield ind1="0" ind2="7" tag="785"><subfield code="t">Allentown morning call and morning herald</subfield><subfield code="w">(DLC)sn 88079622</subfield></datafield></record>